@book{christinckBreedingNutritionOrangeFleshed2016,
  title = {From Breeding To Nutrition: Orange-Fleshed Sweetpotatoes in Farming And Food Systems of Uganda, Kenya and Burkina Faso},
  author = {Christinck, A. and Diarra Doka, M. and Horneber, G. and Kagoro Rugunda, G. and Pal{\'e}, G. and Whitney, Cory},
  year = {2016},
  publisher = {The McKnight Foundation},
  address = {Minneapolis, MN},
  copyright = {All rights reserved},
  file = {/Users/corywhitney/Zotero/storage/A3SFEHUS/Christinck et al 2016.pdf}
}

@incollection{kiseguContributionSmallholderTree2019,
  title = {Contribution of Smallholder Tree Growers to Increasing Tree Cover in Kaliro District},
  booktitle = {Agriculture and Ecosystem Resilience in Sub Saharan Africa},
  author = {Kisegu, Derick and Kagaha, David and Whitney, Cory and Tabuti, John R. S.},
  editor = {Bamutaze, Yazidhi and Kyamanywa, Samuel and Singh, Bal Ram and Nabanoga, Gorettie and Lal, Rattan},
  year = {2019},
  pages = {417--433},
  publisher = {Springer International Publishing},
  doi = {10.1007/978-3-030-12974-3\_19},
  url = {10.1007/978-3-030-12974-3_19},
  copyright = {All rights reserved},
  isbn = {978-3-030-12973-6 978-3-030-12974-3},
  langid = {english}
}

@incollection{kuyahPotentialAgroforestryEnhance2020,
  title = {Potential of Agroforestry to Enhance Livelihood Security in Africa},
  booktitle = {Agroforestry for Degraded Landscapes},
  author = {Kuyah, Shem and Sileshi, G. W. and Luedeling, Eike and Akinnifesi, F. K. and Whitney, Cory and Bayala, Jules and Kuntashula, E. and Dimobe, K. and Mafongoya, P. L.},
  editor = {Dagar, Jagdish Chander and Gupta, Sharda Rani and Teketay, Demel},
  year = {2020},
  pages = {135--167},
  publisher = {Springer Singapore},
  address = {Singapore},
  doi = {10.1007/978-981-15-4136-0\_4},
  url = {10.1007/978-981-15-4136-0_4},
  urldate = {2020-10-10},
  copyright = {All rights reserved},
  isbn = {9789811541353 9789811541360},
  langid = {english},
  file = {/Users/corywhitney/Zotero/storage/KIQUZZUN/Kuyah et al. - 2020 - Potential of Agroforestry to Enhance Livelihood Se.pdf}
}

@incollection{sayerImportanceFreshwaterSpecies2018,
  title = {The Importance of Freshwater Species to Livelihoods in the Lake Victoria Basin},
  booktitle = {Freshwater Biodiversity in the Lake Victoria Basin: Guidance for Species Conservation, Site Protection, Climate Resilience and Sustainable Livelihoods.},
  author = {Sayer, C. A. and {M{\'a}iz-Tom{\'e}}, L. and Akwany, L. O. and {Kishe-Machumu}, M. A. and Natugonza, V. and Whitney, Cory and Omondi, R. and Nshutiyayesu, S. and Kabuye, C. S.},
  editor = {Sayer, Catherine A. and {M{\'a}iz-Tom{\'e}}, Laura and Darwall, William R. T.},
  year = {2018},
  pages = {136--151},
  publisher = {IUCN UK, IUCN Gland, Switzerland},
  address = {Cambridge},
  copyright = {All rights reserved},
  file = {/Users/corywhitney/Zotero/storage/A9SPRIUJ/Sayer et al 2018 407.pdf;/Users/corywhitney/Zotero/storage/HJC3EKWV/Sayer et al 2018 407.pdf;/Users/corywhitney/Zotero/storage/U2ZKEFJQ/Sayer et al 2018 407.pdf}
}

@incollection{sayerStatusDistributionFreshwater2018,
  title = {The Status and Distribution of Freshwater Plants in the Lake Victoria Basin},
  booktitle = {Freshwater Biodiversity in the Lake Victoria Basin: Guidance for Species Conservation, Site Protection, Climate Resilience and Sustainable Livelihoods.},
  author = {Sayer, C. A. and Carr, J. A. and Whitney, Cory},
  editor = {Sayer, Catherine A. and {M{\'a}iz-Tom{\'e}}, Laura and Darwall, William R. T.},
  year = {2018},
  pages = {99--109},
  publisher = {IUCN UK, IUCN Gland, Switzerland},
  address = {Cambridge},
  copyright = {All rights reserved},
  file = {/Users/corywhitney/Zotero/storage/HS4WCUFM/Sayer et al 2018.pdf;/Users/corywhitney/Zotero/storage/MT72AWT9/Sayer et al 2018.pdf}
}

@book{whitneyEthnobotanyResearchApproach2013,
  title = {Ethnobotany Research; An Approach to Biological Human Ecology Theory},
  author = {Whitney, Cory and Vang Sin, Min Meej Vaj and L{\^e} Ho\^\`ng, Giang and Vu Van, Can and Barber, Keith and Tran Thi, Lanh},
  year = {2013},
  publisher = {Knowledge Publishing},
  address = {Hanoi, Vietnam},
  copyright = {All rights reserved},
  isbn = {097-604-90-8834-6},
  file = {/Users/corywhitney/Zotero/storage/54DH9TRY/1_Cover.pdf}
}

@incollection{whitneySpeciesSpotlight2018,
  title = {Species in the Spotlight},
  booktitle = {Freshwater Biodiversity in the Lake Victoria Basin: Guidance for Species Conservation, Site Protection, Climate Resilience and Sustainable Livelihoods.},
  author = {Whitney, Cory and Omondi, R. and Nshutiyayesu, S. and Kabuye, C. S.},
  editor = {Sayer, Catherine A. and {M{\'a}iz-Tom{\'e}}, Laura and {William R. T. Darwall}},
  year = {2018},
  pages = {150},
  publisher = {IUCN UK, IUCN Gland, Switzerland},
  address = {Cambridge},
  doi = {10.13140/RG.2.2.18395.31529},
  copyright = {All rights reserved},
  file = {/Users/corywhitney/Zotero/storage/APKN84WI/RL-2018-002-En.pdf}
}
