@misc{delbarrioDataScriptsClimate2020,
  title = {Data and Scripts: Climate Change Impacts on Agriculture's Southern Frontier \textendash{} Perspectives for Farming in North Patagonia},
  author = {{del Barrio}, Ricardo and Fernandes, E. and Brendel, Andrea S. and Whitney, Cory and Campoy, Jose A. and Luedeling, Eike},
  year = {2020},
  copyright = {All rights reserved},
  file = {/Users/corywhitney/Zotero/storage/FIN7UKNU/del Barrio et al. - 2020 - Data and scripts Climate change impacts on agricu.pdf}
}

@misc{doDecisionAnalysisAgroforestry2020b,
  title = {Decision Analysis of Agroforestry Interventions in Northwest Vietnam},
  author = {Do, Hoa and Luedeling, Eike and Whitney, Cory},
  year = {2020},
  month = mar,
  doi = {10.5281/ZENODO.3727576},
  abstract = {Repository that includes all the input data tables and model script for the article "Decision Analysis of agroforestry options reveals adoption risks for resource-poor farmers"}
}

@misc{fernandezApplyingMcSimulationFunction2021,
  title = {Applying the mcSimulation Function in decisionSupport},
  author = {Fernandez, Eduardo and Whitney, Cory and Luedeling, Eike},
  year = {2021},
  copyright = {All rights reserved}
}

@misc{fernandezDataScriptsAdapting2021,
  title = {Data and Scripts: Adapting Sweet Cherry Orchards to Extreme Weather Events \textendash{} Decision Analysis in Support of Farmers' Investments in Central Chile},
  author = {Fernandez, Eduardo and Rojas, Gonzalo and Whitney, Cory and Cuneo, Italo F and Luedeling, Eike},
  year = {2021},
  doi = {10.1016/j.agsy.2020.103031},
  abstract = {Supplementary data to this article can be found online at https://doi. org/10.1016/j.agsy.2020.103031.},
  copyright = {All rights reserved},
  file = {/Users/corywhitney/Zotero/storage/CD797EWX/Fernandeza et al. - Supplementary material for Rojas et al. 2020.pdf}
}

@misc{limanharouDataScriptsCrop2021,
  title = {Data and Scripts: Crop Modelling in Data-Poor Environments \textendash{} A Knowledge-Informed Probabilistic Approach to Appreciate Risks and Uncertainties in Flood-Based Farming Systems},
  author = {Liman Harou, Issoufou Liman and Whitney, Cory and Kung'u, James and Luedeling, Eike},
  year = {2021},
  copyright = {All rights reserved},
  file = {/Users/corywhitney/Zotero/storage/28U958W5/Harou et al. - Supplementary Materials for Crop modelling in data.pdf}
}

@misc{luedelingDecisionSupportQuantitativeSupport2021,
  title = {decisionSupport \textendash{} Quantitative Support of Decision Making under Uncertainty. Contributed Package to the R Programming Language. Version 1.106},
  author = {Luedeling, Eike and Goehring, Lutz and Schiffers, Katja and Whitney, Cory and Fernandez, Eduardo},
  year = {2021},
  abstract = {This function performs a Welfare Decision Analysis via a Monte Carlo simulation from input files and analyses the value of different information about the input variables. This value of information analysis can be done via combined PLSR - VIP analysis or via IndividualEVPI calculation. Results are saved as plots and tables.},
  copyright = {All rights reserved}
}

@misc{luedelingProbabilisticCausalModels2018,
  title = {Probabilistic Causal Models for Nutrition Outcomes of Agricultural Actions - Kenya Model},
  author = {Luedeling, E. and Whitney, Cory},
  year = {2018},
  doi = {10.7910/DVN/WDZY2M},
  copyright = {All rights reserved}
}

@misc{luedelingReservoirManagementBurkina2018,
  title = {Reservoir Management in Burkina Faso - Decision Analysis Repository},
  author = {Luedeling, E. and Whitney, Cory and Lanzanova, D.},
  year = {2018},
  doi = {10.7910/DVN/4RAKHX},
  copyright = {All rights reserved},
  file = {/Users/corywhitney/Zotero/storage/B5WHUXUT/Luedeling et al 2018.pdf}
}

@misc{luedelingSimulatingCostEffectiveness2017,
  title = {Simulating the Cost Effectiveness of Controlled Burning with the decisionSupport R Package},
  author = {Luedeling, E and Whitney, C},
  year = {2017},
  copyright = {All rights reserved},
  file = {/Users/corywhitney/Zotero/storage/9LSPWMZ6/Whitney C 2017.pdf;/Users/corywhitney/Zotero/storage/LZ2S6EI6/Whitney C 2017.pdf}
}

@misc{luuDataScriptsDecision2022,
  title = {Data and Scripts: Decision Analysis of Agro-Climate Scaling in Dien Bien, Vietnam},
  shorttitle = {ThiThuGiangLuu/ACS-Decision-Analysis},
  author = {Luu, Thi Giang and Whitney, Cory},
  year = {2022},
  month = apr,
  doi = {10.5281/ZENODO.6426967},
  url = {https://zenodo.org/record/6426967},
  urldate = {2023-06-29},
  abstract = {The repository includes the input data table, R scripts, Figures for the application of Decision Analysis for forecasting agro-climate service options in Dien Bien, Vietnam},
  copyright = {Open Access},
  howpublished = {Zenodo}
}

@misc{ruettDataScriptsModelbased2021,
  title = {Data and Scripts: Model-Based Evaluation of Management Options in Ornamental Plant Nurseries},
  author = {Ruett, Marius and Whitney, Cory and Luedeling, Eike},
  year = {2021},
  month = mar,
  doi = {10.5281/ZENODO.4637259},
  abstract = {This supplementary is available under https://github.com/marruett/Supplementary\_Ruett\_2020.git},
  copyright = {Open Access}
}

@misc{whitneyEthnobotanyRCalculateQuantitative2021,
  title = {ethnobotanyR: Calculate Quantitative Ethnobotany Indices. Contributed Package to the R Programming Language. Version 0.1.8},
  author = {Whitney, Cory},
  year = {2021},
  copyright = {All rights reserved},
  file = {/Users/corywhitney/Zotero/storage/QX88YDJA/Whitney_2019_ethnobotanyR.pdf}
}

@misc{whitneyProbabilisticCausalModels2018,
  title = {Probabilistic Causal Models for Nutrition Outcomes of Agricultural Actions - Uganda Model},
  author = {Whitney, Cory and Luedeling, E.},
  year = {2018},
  doi = {10.7910/DVN/6AAKJF},
  copyright = {All rights reserved},
  file = {/Users/corywhitney/Zotero/storage/NMMB3GLD/Luedeling & Whitney C 2018.pdf}
}

@misc{whitneySedimentManagementReservoir2018,
  title = {Sediment Management in a Reservoir in Burkina Faso - Decision Model for Reservoir Sedimentation Management},
  author = {Whitney, Cory and Lanzanova, Denis and Luedeling, Eike},
  year = {2018},
  doi = {10.34725/DVN/4RAKHX},
  copyright = {All rights reserved}
}

@misc{yigzawDataEvaluationIrrigation2019,
  title = {Data for the Evaluation of Irrigation Development Interventions in Northern Ethiopia},
  author = {Yigzaw, Negusse and Mburu, John and Ogutu, Chris Ackello and Whitney, Cory and Luedeling, Eike},
  year = {2019},
  doi = {10.1016/j.dib.2019.104342},
  copyright = {All rights reserved},
  file = {/Users/corywhitney/Zotero/storage/Z65X4YS6/Yigzaw et al. - 2019 - Data for the evaluation of irrigation development .pdf}
}
