%%
%% WinShell 3.3.2.6
%% http://www.winshell.org/
%%

% Strings


% Preamble


% BibTeX Entries
@manual{R-ezviewr,
 author               = {JooYoung Seo},
 note                 = {R package version 0.1.0},
 title                = {ezviewr: View Tidy Data in Preferable Spreadsheet},
 url                  = {https://github.com/jooyoungseo/ezviewr},
 year                 = {2019},
 }

@manual{R-tactileR,
 author               = {JooYoung Seo},
 note                 = {R package version 0.1.0},
 title                = {tactileR: Converting R Graphics into a Braille Ready-to-Print PDF},
 url                  = {https://github.com/jooyoungseo/tactileR},
 year                 = {2019},
 }

@online{webrender,
 author               = {McCurry, Sean and Seo, JooYoung},
 date                 = {2018-05-01},
 keywords             = {Web Accessibility},
 title                = {AROW: Accessible RMarkdown Online Writer},
 url                  = {https://github.com/ellvix/AROW},
 }
