@article{biber-freudenbergerMoreInterTransdisciplinary2018,
  title = {More Inter- and Transdisciplinary Research Needed in Agroecology},
  author = {{Biber-Freudenberger}, Lisa and Denich, Manfred and Whitney, Cory and Beuchelt, Tina and Jaenicke, Hannah and Kelboro, Girma and Schmitt, Christine B. and Sommer, Jan Henning},
  year = {2018},
  journal = {Rural 21},
  volume = {52},
  number = {2},
  pages = {31--33},
  issn = {1866-8011},
  copyright = {All rights reserved},
  langid = {english},
  lccn = {issn},
  file = {/Users/corywhitney/Zotero/storage/45R52Y7L/Biber-Freudenberger et al. - 2018 - More inter- and transdisciplinary research needed .pdf}
}

@article{denichClosingAdoptionGap2021,
  title = {Closing the Adoption Gap},
  author = {Denich, Manfred and Whitney, Cory},
  year = {2021},
  journal = {Rural21},
  volume = {1},
  number = {55},
  pages = {34--35},
  abstract = {It can easily take years for agricultural innovations to find real-world practical application. There are a wide range of reasons for this which are familiar to the agricultural research community. But how can innovations succeed in making it from the development stage in the lab to being applied in the field? By the agrifood sector following the example of the health sector in opting more for implementation research practices, our authors maintain.},
  copyright = {All rights reserved},
  langid = {british},
  file = {/Users/corywhitney/Zotero/storage/PLGN66XY/s.richter@dlg.org - Closing the adoption gap.pdf}
}

@article{lanzanovaEnablingDecisionMakingAgricultural2017,
  title = {Enabling Decision-Making for Agricultural Interventions},
  author = {Lanzanova, Denis and Whitney, Cory and Luedeling, Eike},
  year = {2017},
  journal = {Agroforestry World},
  copyright = {All rights reserved},
  langid = {english},
  file = {/Users/corywhitney/Zotero/storage/RSDCV924/Lanzanova et al. 2017.pdf}
}

@article{luedelingControlledBurnsConifer2017,
  title = {Controlled Burns in Conifer Forests},
  author = {Luedeling, Eike and Whitney, Cory},
  year = {2017},
  journal = {R Pubs},
  doi = {10.13140/RG.2.2.34064.30727},
  copyright = {All rights reserved},
  file = {/Users/corywhitney/Zotero/storage/DSJ4HS37/Luedeling & Whitney 2017.pdf}
}

@article{maroccoUgandaEarthTable2016,
  title = {Uganda from Earth to Table; Traditional Products and Dishes},
  author = {Marocco, Irene and Mukiibi, Edward and Wanyu, John and Whitney, Cory},
  year = {2016},
  journal = {Slow Food Foundation for Biodiversity},
  pages = {1--48},
  publisher = {Slow Food International},
  address = {Bra, Italy},
  copyright = {All rights reserved}
}

@article{maroccoUgandaEarthTable2018,
  title = {Uganda from Earth to Table; Traditional Products and Dishes (Second Edition)},
  author = {Marocco, Irene and Mukiibi, Edward and Nsenga, Richard and Sardo, Piero and Wanyu, John and Whitney, Cory},
  year = {2018},
  journal = {Slow Food Foundation for Biodiversity},
  pages = {1--60},
  publisher = {Slow Food International},
  address = {Bra, Italy},
  copyright = {All rights reserved},
  file = {/Users/corywhitney/Zotero/storage/HQZE4WJN/Uganda from Earth to Table\; Traditional Products and Dishes (Second ed 2018.pdf}
}

@article{nymukuruWildlifeConservationUganda2022,
  title = {Wildlife Conservation in Uganda: A Matter for Government and Private Landowners},
  author = {Nymukuru, A and Whitney, C},
  year = {2022},
  journal = {IUCN CEESP News},
  url = {https://www.iucn.org/story/202212/wildlife-conservation-uganda-matter-government-and-private-landowners},
  copyright = {All rights reserved},
  langid = {english}
}

@article{pruseCitizenScienceCocreation2021,
  title = {Citizen Science and the Co-Creation of Knowledge in Ethnobotany},
  author = {Pruse, Baiba and Whitney, Cory},
  year = {2021},
  journal = {Plants and People},
  volume = {35},
  number = {Spring 2021},
  pages = {8},
  copyright = {All rights reserved},
  langid = {english},
  file = {/Users/corywhitney/Zotero/storage/DKSWLCXU/Pruse et al. - CITIZEN SCIENCE AND COïšºCREATION OF KNOWLEDGE IN ET.pdf}
}

@article{sayerNewGuidanceConservation2018,
  title = {New Guidance for Conservation and Sustainable Livelihoods for Freshwater Biodiversity in the Lake Victoria Basin},
  author = {Sayer, C. A. and Whitney, Cory},
  year = {2018},
  journal = {Commission on Environmental Economic and Social Policy (CEESP) Members Newsletter},
  number = {September 2019},
  copyright = {All rights reserved},
  file = {/Users/corywhitney/Zotero/storage/DV98FXJY/Sayer & Whitney 2018.pdf;/Users/corywhitney/Zotero/storage/TIU8LUT6/Sayer & Whitney 2018.pdf}
}

@article{shepherdDecisionAnalysisFramework2021,
  title = {A Decision Analysis Framework for Development Planning and Performance Measurement},
  author = {Shepherd, Keith D and Whitney, Cory and Luedeling, Eike},
  year = {2021},
  journal = {World Agroforestry (ICRAF)},
  volume = {Working Paper series},
  number = {324},
  pages = {40},
  url = {10.5716/WP21042.PDF},
  copyright = {All rights reserved},
  langid = {english},
  file = {/Users/corywhitney/Zotero/storage/MZB6U4EI/Shepherd et al. - A decision analysis framework for development plan.pdf}
}

@article{whitneyAdventuresBotany2016,
  title = {Adventures in Botany},
  author = {Whitney, Cory},
  year = {2016},
  journal = {Plants \& People},
  volume = {30},
  pages = {10},
  copyright = {All rights reserved},
  file = {/Users/corywhitney/Zotero/storage/K3RG2F7E/WhitneySEB.pdf}
}

@article{whitneyAdventuresBotanyPart2016,
  title = {Adventures in Botany Part 2: {\emph{Adansonia Digitata}} Absent from the North and West of Uganda},
  author = {Whitney, Cory},
  year = {2016},
  journal = {Plants \& People},
  volume = {31},
  pages = {1--3},
  copyright = {All rights reserved}
}

@article{whitneyConservationEthnobotanyNorth2011,
  title = {Conservation Ethnobotany in the North Atlantic},
  author = {Whitney, Cory},
  year = {2011},
  journal = {Non-Wood News; NWFP Digest},
  volume = {23},
  number = {No. 7/11},
  pages = {10},
  copyright = {All rights reserved},
  file = {/Users/corywhitney/Zotero/storage/CIQTB3QZ/Whitney 2011 276.pdf;/Users/corywhitney/Zotero/storage/QVVA4N3P/Whitney 2011 276.pdf}
}

@article{whitneyDecisionAnalysisSupport2018,
  title = {Decision Analysis to Support Agriculture for Nutrition},
  author = {Whitney, Cory and Shepherd, K. D. and Rosenstock, T. S. and Luedeling, E.},
  year = {2018},
  journal = {ICRAF Policy Brief},
  volume = {38},
  pages = {4},
  copyright = {All rights reserved},
  file = {/Users/corywhitney/Zotero/storage/E7H9ZI9R/Whitney et al 2018 897.pdf}
}

@article{whitneyDecisionModelingTrees2016,
  title = {Decision Modeling for Trees, Nutrition, and Livelihoods},
  author = {Whitney, Cory},
  year = {2016},
  journal = {Commission on Environmental Economic and Social Policy (CEESP) Members Newsletter},
  volume = {1},
  number = {August 2016},
  copyright = {All rights reserved}
}

@article{whitneyHowGovernmentsCan2018,
  title = {How Governments Can Monitor Progress towards Better Nutrition},
  author = {Whitney, Cory and Luedeling, E.},
  year = {2018},
  journal = {Agroforestry World},
  pages = {3},
  copyright = {All rights reserved},
  keywords = {{agriculture, agroforestry, Kenya, nutrition, SDG2, sustainable agriculture, food security and nutrition, Uganda}},
  file = {/Users/corywhitney/Zotero/storage/SZZFSB8T/Whitney C & Luedeling 2018.pdf}
}

@article{whitneyIntegrationFruitTrees2018,
  title = {Integration of Fruit Trees into Agricultural Landscapes of Kenya Can Help to Enhance Nutrition Security},
  author = {Whitney, Cory and Shepherd, K. D. and Krawinkel, M. and Luedeling, E.},
  year = {2018},
  journal = {ICRAF Policy Brief},
  volume = {40},
  pages = {4},
  copyright = {All rights reserved},
  annotation = {biblionumber: 42349},
  file = {/Users/corywhitney/Zotero/storage/VD7QWWT4/Whitney et al 2018 930.pdf}
}

@article{whitneyModellingImpactsUganda2018,
  title = {Modelling the Impacts of Uganda's Vision 2040 Policy on Household Nutrition},
  author = {Whitney, Cory and Shepherd, K. D. and Rosenstock, T. S. and Krawinkel, M. and Luedeling, E.},
  year = {2018},
  journal = {ICRAF Policy Brief},
  volume = {39},
  pages = {4},
  copyright = {All rights reserved},
  file = {/Users/corywhitney/Zotero/storage/VXDUAM9M/Whitney et al 2018 904.pdf}
}

@article{whitneyNordicEthnobotanyConservation2012,
  title = {Nordic Ethnobotany and Conservation},
  author = {Whitney, Cory},
  year = {2012},
  journal = {NWFP News: Non-wood forest products},
  copyright = {All rights reserved},
  file = {/Users/corywhitney/Zotero/storage/HFV9C9HG/Whitney_blog_Iceland;/Users/corywhitney/Zotero/storage/IGHVAV7T/Whitney_blog_Iceland}
}

@article{whitneyReviewCollectingFood2018,
  title = {Review: Collecting Food, Cultivating People: Subsistence and Society in Central Africa. By Kathryn M. de Luna. 2016. Yale University Press, New Haven. 332 Pp.},
  author = {Whitney, Cory},
  year = {2018},
  journal = {Ethnobiology Letters},
  volume = {9},
  number = {2},
  pages = {321--322},
  doi = {10.14237/ebl.9.2.2018.1384},
  url = {10.14237/ebl.9.2.2018.1384},
  copyright = {All rights reserved},
  file = {/Users/corywhitney/Zotero/storage/NDX462SB/Whitney 2018 52.pdf}
}

@article{whitneyReviewTreesGardens2016,
  title = {Review: Trees for Gardens, Orchards, and Permaculture. Crawford, Martin.},
  author = {Whitney, Cory},
  year = {2016},
  journal = {Economic Botany},
  volume = {70},
  number = {1},
  pages = {92--100},
  issn = {10458-5126},
  collaborator = {Applequist, Wendy L.},
  copyright = {All rights reserved},
  file = {/Users/corywhitney/Zotero/storage/2H7EB7KH/Book Reviews.pdf;/Users/corywhitney/Zotero/storage/FPCFBLMP/Book Reviews.pdf}
}

@article{whitneyReviewWhyPorcupine2018,
  title = {Review: Why the Porcupine Is Not a Bird: Explorations in the Folk Zoology of an Eastern Indonesian People. By Gregory Forth. 2016. University of Toronto Press, Toronto. 375 Pp..},
  author = {Whitney, Cory},
  year = {2018},
  journal = {Ethnobiology Letters},
  volume = {9},
  number = {2},
  pages = {103--104},
  doi = {10.14237/ebl.9.2.2018.1204},
  url = {10.14237/ebl.9.2.2018.1204},
  copyright = {All rights reserved},
  file = {/Users/corywhitney/Zotero/storage/Q834MX46/1204-7137-1-PB.pdf;/Users/corywhitney/Zotero/storage/YCS9HQMY/1204-7137-1-PB.pdf}
}

@article{whitneySavingBiodiversityGreater2014,
  title = {Saving Biodiversity in Greater Bushenyi},
  author = {Whitney, Cory},
  year = {2014},
  journal = {Slow Food Foundation for Biodiversity},
  number = {December 2014},
  copyright = {All rights reserved}
}

@article{whitneySmallBeautifulHow2008,
  title = {Small Is Beautiful; How Local Organic Can Steer Us Away From Catastrophe},
  author = {Whitney, Cory},
  year = {2008},
  journal = {Ecology \& Farming},
  volume = {43},
  pages = {28--31},
  copyright = {All rights reserved}
}

@article{whitneyTransdisciplinaryResearchAimed2015,
  title = {Transdisciplinary Research Aimed at PHL Reduction in East Africa},
  author = {Whitney, Cory},
  year = {2015},
  journal = {ADM Institute for the Prevention of Postharvest Loss},
  copyright = {All rights reserved},
  keywords = {{PHL, postharvest}},
  file = {/Users/corywhitney/Zotero/storage/MEQ25FJY/Whitney C 2015.pdf;/Users/corywhitney/Zotero/storage/XPFPNDK8/Whitney C 2015.pdf}
}

@article{whitneyTransformationCallAction2017,
  title = {Transformation: A Call to Action},
  author = {Whitney, Cory},
  year = {2017},
  journal = {The New Farmer's Almanac, Volume III: Commons of Sky, Knowledge, Land, Water},
  pages = {134--136},
  publisher = {Greenhorns},
  address = {Maine, US},
  collaborator = {{von Tscharner Fleming}, S. and Pick, N. and {de Salis}, R.},
  copyright = {All rights reserved},
  isbn = {978-0-9863205-1-4},
  langid = {english},
  file = {/Users/corywhitney/Zotero/storage/79HX4SKL/Whitney 2018.pdf;/Users/corywhitney/Zotero/storage/UW35NJW4/Whitney 2018.pdf}
}
