
@online{heckelInformationSciencesProfessora,
  title        = {Information Sciences Professor Developing Tool to Make Data Visualizations Accessible to Blind Researchers, Students},
  organization = {News Bureau University of Illinois Urbana-Champaign},
  date         = {2023-09-29},
  author       = {Heckel, Jodi},
  url          = {https://news.illinois.edu/view/6367/107909242},
  urldate      = {2023-09-29},
  abstract     = {University of Illinois Urbana-Champaign information sciences professor JooYoung Seo is developing a data visualization tool that converts data to sound or Braille to make visual representations of statistical data accessible to researchers who are blind or visually impaired.},
  langid       = {american}
}

@article{katsnelsonTheseToolsHelp2023,
  title        = {These Tools Help Visually Impaired Scientists Read Data and Journals},
  author       = {Katsnelson, Alla},
  date         = {2023-03-06},
  journaltitle = {Nature},
  volume       = {615},
  number       = {7951},
  pages        = {362--363},
  publisher    = {{Nature Publishing Group}},
  doi          = {10.1038/d41586-023-00645-6},
  url          = {https://www.nature.com/articles/d41586-023-00645-6},
  urldate      = {2023-03-11},
  abstract     = {Innovative software and modes of presentation are helping to broaden access to the literature.},
  issue        = {7951},
  langid       = {english},
  keywords     = {Careers,Communication,Lab life,Publishing}
}
