@software{R-ezpickr,
  title  = {ezpickr: Easy Data Import Using GUI File Picker and Seamless
            Communication Between an Excel and R},
  author = {JooYoung Seo and Soyoung Choi},
  year   = {2019},
  note   = {Over 31K download},
  url    = {https://CRAN.R-project.org/package=ezpickr}
}
@software{R-mboxr,
  title  = {mboxr: Reading, Extracting, and Converting an Mbox File into a Tibble},
  author = {JooYoung Seo and Soyoung Choi},
  year   = {2019},
  note   = {Over 25K download},
  url    = {https://CRAN.R-project.org/package=mboxr}
}
@software{R-youtubecaption,
  title  = {youtubecaption: Downloading YouTube Subtitle Transcription in a Tidy Tibble Data
            Frame},
  author = {JooYoung Seo and Soyoung Choi},
  year   = {2020},
  note   = {Over 18K download},
  url    = {https://CRAN.R-project.org/package=youtubecaption}
}

@software{Iannone_gt_Easily_Create,
  author  = {Iannone, Richard and Cheng, Joe and Schloerke, Barret and Hughes, Ellis and Lauer, Alexandra and Seo, JooYoung},
  license = {MIT},
  title   = {{gt: Easily Create Presentation-Ready Display Tables}},
  year    = {2023},
  url     = {https://CRAN.R-project.org/package=gt},
  version = {0.9.0},
  note    = {Over 1.5M download}
}