@phdthesis{whitneyAgrobiodiversityNutritionTraditional2018,
  type = {Dr},
  title = {Agrobiodiversity and Nutrition in Traditional Cropping Systems - Homegardens of the Indigenous Bakiga and Banyakole in Southwestern Uganda},
  author = {Whitney, Cory},
  year = {2018},
  address = {Witzenhausen, Germany},
  copyright = {All rights reserved},
  langid = {english},
  lccn = {urn:nbn:de:hebis:34-2018090356388},
  school = {University of Kassel},
  file = {/Users/corywhitney/Zotero/storage/CR5B8P9W/Whitney 2018 530.pdf}
}

@phdthesis{whitneySurveyWildCollection2011,
  type = {MSc},
  title = {A Survey of Wild Collection and Cultivation of Indigenous Species in Iceland and the Faroe Islands},
  author = {Whitney, Cory},
  year = {2011},
  address = {Witzenhausen, Germany},
  copyright = {All rights reserved},
  langid = {english},
  school = {University of Kassel},
  file = {/Users/corywhitney/Zotero/storage/I3LW8BLV/Thesis copy.pdf}
}
