
@article{seamless,
  title    = {Learning Analytics in Seamless Learning Environments: A Systematic Review},
  author   = {Jewoong Moon and Daeyeoul Lee and Gi Woong Choi and JooYoung Seo and Jaewoo Do and Taehyeong Lim},
  pubstate = {in preparation}
}


