
@inproceedings{imageally2022,
  title     = {{{ImageAlly}}: A {{Human-AI Hybrid Approach}} to {{Support Blind People}}},
  booktitle = {31st USENIX Security Symposium (USENIX Security '22 Winter},
  author    = {Zhuohao Zhang and Smirity Kaushik and JooYoung Seo and Haolin Yuan and Sauvik Das and Leah Findlater and Danna Gurari and Abigale Stangl and Yang Wang},
  annote    = {*},
  pubstate  = {Under review}
}

