
@article{dsq,
  author   = {Gabriela T Richard and JooYoung Seo},
  title    = {Able to Play, Ready to Learn: Proposing an Intersectional, Critical Dis/abilities Framework for Research, Design and Practice in Video Games and Learning},
  journal  = {Disability Studies Quarterly},
  pubstate = {accepted with minor revision}
}

@article{scaffold,
  author   = {JooYoung Seo and Gabriela T Richard},
  title    = {SCAFFOLDing All Abilities into Makerspaces: Universal Design Framework for Accessible Maker Movement},
  journal  = {Journal of Information and Learning Sciences},
  pubstate = {in revision}
}

@article{techtrends2022,
  author   = {JooYoung Seo and Jewoong Moon},
  title    = {A Methodological Review on Computational Ethnography Approaches in Digital Learning Environments},
  journal  = {TechTrends},
  pubstate = {under review}
}

